@misc{WHOTB2016,
  title={Global Tuberculosis Report 2016},
  author={World Health Organisation},
  publisher={WHO, Geneva, Switzerland},
  year={2016}
}

@misc{WHOTBGuidelines2017,
  title={Treatment of Tuberculosis Guidelines},
  author={World Health Organisation},
  publisher={WHO, Geneva, Switzerland},
  year={2017}
}

@article{MathOfInfectiousDiseases2000,
  author = {Herbert W. Hethcote},
  title = {The mathematics of infectious diseases},
  journal = {SIAM Review},
  year = {2000},
  volume = {42},
  pages = {599--653}
}

@article{ModellingTBEpidemics2009,
  author = {J. P. Aparicio and C. Castillo-Chavez},
  title = {Mathematical Modelling of Tuberculosis Epidemics},
  journal = {American Institute of Mathematical Sciences},
  year = {2009},
  volume = {6},
  issue = {2},
  pages = {209--237}
}

@article{Transmission2000,
  author = {J. P. Aparicio, A. F. Capurro and C. Castillo-Chavez},
  title = {Transmission and dynamics of tuberculosis on generalized households},
  journal = {Journal of Theoretical Bioligy},
  year = {2000},
  volume = {206},
  pages = {327--341}
}

@article{MathOfInfectiousDiseases2000,
  author = {J. P. Aparicio, A. F. Capurro and C. Castillo-Chavez},
  title = {Transmission and dynamics of tuberculosis on generalized households},
  journal = {Journal of Theoretical Bioligy},
  year = {2000},
  volume = {206},
  pages = {327--341}
}

@article{Perez2009,
  author="Perez, Liliana
  and Dragicevic, Suzana",
  title="An agent-based approach for modeling dynamics of contagious disease spread",
  journal="International Journal of Health Geographics",
  year="2009",
  month="Aug",
  day="05",
  volume="8",
  number="1",
  pages="50",
  abstract="The propagation of communicable diseases through a population is an inherent spatial and temporal process of great importance for modern society. For this reason a spatially explicit epidemiologic model of infectious disease is proposed for a greater understanding of the disease's spatial diffusion through a network of human contacts.",
  issn="1476-072X",
  doi="10.1186/1476-072X-8-50",
  url="https://doi.org/10.1186/1476-072X-8-50"
}
